@article{stroustrup,
  title={Evolving a language in and for the real world: {C++} 1991-2006},
  author={Stroustrup, Bjarne}
}

@article{stroustrup2,
  title={Open issues for The C++ Programming Language (3rd Edition)},
  author={Stroustrup, Bjarne}
}

@book{gamma1995design,
  title={Design patterns: elements of reusable object-oriented software},
  author={Gamma, Erich},
  year={1995},
  publisher={Pearson Education India}
}


@book{jumpingallain,
  title={Jumping into C++},
  author={Allain, Alex},
  year={2013},
  publisher={Cprogramming.com}
}


@online{lambda,
  author = {Alex Allain},
  title = {Lambda Functions in C++11 - the Definitive Guide},
  url = {http://www.cprogramming.com/c++11/c++11-lambda-closures.html},
  urldate = {2017-26-03}
}


@online{git,
  author = {Pierre-Louis Guhur},
  title = {RÃ©pertoire git},
  url = {https://github.com/plguhur/eea-ens-paris-saclay},
  urldate = {2017-26-03}
}
